<mx:record xmlns="http://www.w3.org/TR/xhtml1/strict" xmlns:mx="http://www.loc.gov/MARC21/slim" xmlns:xsi="http://www.w3.org/2001/XMLSchema-instance"><mx:leader>00000cz   2200000n  4500</mx:leader><mx:controlfield tag="001">oca01749444 </mx:controlfield><mx:controlfield tag="005">19880622080401.5</mx:controlfield><mx:controlfield tag="008">861204n| acannaab|          |a ana |||  </mx:controlfield><mx:datafield ind1=" " ind2=" " tag="010"><mx:subfield code="a">n  85050499 </mx:subfield></mx:datafield><mx:datafield ind1=" " ind2=" " tag="040"><mx:subfield code="a">DLC</mx:subfield><mx:subfield code="c">DLC</mx:subfield><mx:subfield code="d">DLC</mx:subfield></mx:datafield><mx:datafield ind1=" " ind2="0" tag="130"><mx:subfield code="a">Declamationes pseudo-Quintilianeae (Minores)</mx:subfield></mx:datafield><mx:datafield ind1=" " ind2="0" tag="430"><mx:subfield code="a">Declamationes minores</mx:subfield></mx:datafield><mx:datafield ind1="0" ind2=" " tag="400"><mx:subfield code="a">Quintilian.</mx:subfield><mx:subfield code="t">Declamationes pseudo-Quintilianeae (Minores)</mx:subfield></mx:datafield><mx:datafield ind1=" " ind2=" " tag="670"><mx:subfield code="a">Its The Minor declamations ascribed to Quintilian, c1984:</mx:subfield><mx:subfield code="b">t.p. (Minor declamations ascribed to Quintilian)</mx:subfield></mx:datafield><mx:datafield ind1=" " ind2=" " tag="670"><mx:subfield code="a">LC PA classification schedule</mx:subfield><mx:subfield code="b">(Quintilianus, M. Fabius, ca. 35-ca. 95 A.D. Declamationes (spurious))</mx:subfield></mx:datafield><mx:datafield ind1=" " ind2=" " tag="670"><mx:subfield code="a">Grant, M. Greek and Latin authors, 1980:</mx:subfield><mx:subfield code="b">under Quintilian (two volumes of rhetorical exercises (Declamationes) that survive may be transcripts of his lecture courses made by his students; if so, they do not necessarily reflect Quintilian's views)</mx:subfield></mx:datafield><mx:datafield ind1=" " ind2=" " tag="670"><mx:subfield code="a">Kleine Pauly: under Quintilian</mx:subfield><mx:subfield code="b">(Declamationes maiores and Declamationes minores pass under Quintilian's name, but the attribution is scarcely credible)</mx:subfield></mx:datafield><mx:datafield ind1=" " ind2=" " tag="670"><mx:subfield code="a">Oxford classical dict., 1970</mx:subfield><mx:subfield code="b">(Declamationes Pseudo-Quintilianeae; 2 sets of rhetorical pieces ascribed by the manuscripts to Quintilian; there are 19 Declamationes maiores; the Declamationes minores are the last 145 of a collection originally numbering 388)</mx:subfield></mx:datafield></mx:record>